3925 5484
849 585 959 671 iso
1151 605 1166 620 ·
1662 569 2043 664 LIBRII'.
2154 587 2712 666 cAPuT1x.

755 759 764 765 “
855 741 990 820 tres'
1011 744 1277 839 angulos
1304 742 1572 835 aequales
1608 741 1874 813 duobus
1917 745 2103 814 tediis
2126 743 2419 835 'angulist
2461 765 2608 836 quae
2633 742 3000 836 proprietas
3040 739 3519 823 universariter’,
3545 746 3607 812 ἃ

856 850 1075 940 primo
1109 845 1438 936 competit
1461 844 1824 938 triangulo,
1865 867 2000 914 non
2030 865 2251 916 autem
2297 843 2559 936 figurae,
2598 845 2752 936 quia
2792 843 3002 937 figura
3041 842 3134 918 est
3158 841 3607 914 univassliot.
3706 923 3719 936 „

857 954 1098 1041 Neque
1125 943 1374 1016 isosceli
1392 995 1411 1028 ,
1442 947 1597 1037 quia
1627 942 1925 1017 Isosceles
1951 946 2043 1016 est
2069 943 2413 1017 restriaius
2438 945 2783 1038 triangulo·
2832 967 2868 1014 Β
2884 965 3289 1020 LANcANu
3306 967 3355 1014 s.
3390 1047 3399 1056 ο

2260 1102 2369 1167 24.

1008 1283 1020 1294 ,
1077 1194 1162 1284 Si
1194 1193 1373 1310 quis
1418 1194 1664 1310 igitur
1707 1078 2315 1299 monstravit-it,
2422 1195 2593 1288 uod
2623 1199 2854 1288 rec’tae
2881 1226 3055 1285 non
3087 1195 3611 1304 coincidunt,

856 1308 1260 1399 videbitur
1296 1313 1574 1427 utique
1604 1310 1838 1424 hujus
1872 1310 2025 1404 effe
2053 1312 2359 1402 demon
2464 1315 2635 1402 atio
2654 1378 2677 1413 ,
2707 1343 2815 1404 eo
2846 1313 3075 1429 quod
3102 1313 3192 1402 in
3223 1315 3613 1404 omnibus

856 1423 968 1515 est
997 1427 1265 1529 re&is;
1324 1457 1496 1519 non
1531 1425 1642 1516 est
1676 1452 1984 1517 autem:
2032 1427 2425 1548 siquidem
2472 1458 2645 1519 non
2678 1430 3066 1546 quoniam
3094 1425 3201 1515 fic
3232 1430 3612 1545 aequaloe,

852 1543 949 1632 fit
979 1542 1166 1645 hoc,
1185 1541 1320 1630 sed
1348 1539 1788 1634 secundum
1815 1545 2046 1663 quod
2076 1545 2836 1664 quomodocunque
2865 1545 3223 1662 aequales.
3246 1547 3461 1634 Tex.
3494 1574 3609 1655 13.

1054 1665 1380 1760 Proponit
1409 1684 1542 1734 tres
1578 1687 1870 1751 errores,
1912 1668 2033 1760 qui
2075 1669 2245 1737 circa
2287 1665 2907 1736 demonstrationem
2945 1667 3033 1735 de
3075 1664 3420 1735 universsli
3449 1688 3611 1737 con·

849 1764 1147 1858 tingunt,
1188 1787 1358 1857 quos
1385 1789 1610 1836 omnes
1625 1770 2068 1838 Geometricis
2094 1769 2415 1860 exemplis
2439 1766 2866 1849 demnstran
2902 1765 3093 1837 affert
3110 1786 3228 1836 aut
3250 1753 3473 1859 primo
3488 1788 3613 1860 pro

857 1867 1061 1936 tertio
1088 1887 1313 1939 encore
1340 1867 1482 1937 duo
1512 1867 1846 1961 exempla,
1882 1892 2175 1962 quorum
2201 1870 2491 1963 primum
2517 1871 2587 1937 in
2614 1864 2938 1962 praemissis
2964 1868 3187 1937 verbis
3210 1869 3611 1949 continetur,

858 1986 1061 2060 atque
1088 1988 1175 2038 ex
1204 1979 1299 2043 28.
1316 1971 1512 2064 primi
1541 1971 1748 2041 Elem.
1777 1968 2172 2053 desumitur,
2202 1993 2400 2063 quam
2425 1989 2783 2062 propterea
2828 1970 3047 2061 primo
3080 1969 3236 2038 loco
3266 1991 3611 2063 exponen-

863 2065 1014 2138 dam
1043 2065 1284 2140 censui.
1379 2074 1510 2141 Res
1548 2091 1770 2141 autem
1810 2090 1953 2144 tota
1985 2071 2121 2140 haec
2156 2073 2315 2140 erit:
2355 2068 2403 2140 fi
2447 2072 2626 2140 lineae
2665 2071 2976 2162 parallelae
3000 2093 3035 2139 a
3081 2073 3270 2140 tertia
3294 2070 3639 2151 secantur,-

862 2192 1098 2240 verum
1127 2170 1250 2252 e'st,
1288 2171 1480 2264 quod
1506 2172 1645 2241 duo
1670 2174 1886 2265 anguli
1911 2174 2150 2242 interni
2177 2169 2299 2242 fint
2338 2171 2601 2241 duobus
2627 2173 2814 2241 restis
2848 2170 3033 2241 fimul
3058 2170 3280 2241 sumtis
3305 2172 3609 2265 aequales:

861 2270 954 2340 fin
982 2294 1149 2340 vero
1182 2272 1516 2343 tertia-ista
1539 2274 1704 2355 linea
1725 2272 1815 2343 est
1838 2273 2417 2367 perpendicularis,
2431 2293 2593 2342 tunc
2619 2271 2890 2366 ang-ulus
2916 2273 3202 2365 quilibet
3222 2275 3348 2343 erit
3375 2275 3603 2343 retius.

863 2393 1361 2443 BLANcANus
1400 2375 1603 2468 igitur
1646 2373 1781 2444 haec
1821 2376 2026 2445 verba
2071 2376 2158 2446 ita
2184 2376 2511 2468 exponit:
2569 2376 2637 2445 Si
2677 2377 2825 2468 quis
2875 2376 3077 2468 igitur
3134 2373 3601 2453 monstraverit,

863 2472 1050 2566 quod
1080 2473 1386 2565 parallelae
1408 2493 1745 2569 nunquam
1773 2473 2189 2558 coincidant,
2230 2473 2472 2548 etiamst
2515 2477 2580 2544 in
2608 2475 2937 2546 infinitum
2964 2476 3454 2569 producantur,
3495 2470 3605 2541 seu

863 2573 1052 2667 quod
1081 2571 1230 2643 sunt
1254 2575 1751 2669 aequidistantes,
1795 2576 2067 2671 quando
2095 2578 2312 2671 anguli
2339 2573 2625 2669 praediffi
2663 2578 2905 2648 interni
2946 2574 3094 2646 sunt
3119 2577 3260 2646 duo
3286 2578 3483 2659 redii,
3507 2575 3609 2642 vi-

867 2674 1135 2747 debitur
1176 2676 1416 2770 utique
1455 2676 1650 2765 hujus
1698 2678 1822 2750 effe
1861 2676 2332 2748 demonstratio
2378 2677 2463 2750 de
2507 2676 2849 2770 universali
2890 2699 3011 2770 per
3038 2674 3137 2768 se,
3179 2683 3241 2747 δι
3273 2679 3356 2747 de
3386 2675 3606 2770 primo
3698 2752 3704 2758 ⁶

863 2773 1186 2863 subjecto,
1244 2777 1355 2848 vel
1397 2773 1757 2848 secundum
1795 2779 1985 2873 quod
2022 2776 2234 2872 ipsum
2251 2829 2271 2864 ,
2327 2802 2411 2849 eo
2456 2771 2655 2873 quod¹
2687 2778 3005 2872 probatur
3042 2775 3497 2848 universaliter
3522 2775 3610 2846 de

863 2877 1048 2952 lineis
1074 2877 1381 2949 omnibus
1409 2880 1797 2950 habentibus
1835 2880 2172 2974 praedistos
2196 2881 2464 2975 angulos
2492 2883 2719 2952 πρᾶος.
2814 2881 2975 2948 Non
3016 2879 3236 2946 autem
3272 2877 3364 2950 de
3401 2877 3612 2957 omni,

859 2975 1224 3056 secundum
1252 2982 1440 3074 quod
1471 2981 1715 3076 ipsum,
1747 2980 1795 3050 fi
1826 2982 2105 3075 quidem
2128 3005 2269 3051 non
2297 2983 2623 3076 comperit
2639 2978 2903 3050 affectio
2926 2978 3081 3062 haec,
3108 2977 3233 3049 effe
3261 2979 3615 3070 pitancias,

861 3081 1044 3150 lineis
1072 3079 1458 3156 habentibus
1484 3084 1628 3154 illos
1651 3084 1924 3176 angulos
1960 3086 2172 3156 rers
2196 3085 2371 3163 ειᾶιις
2413 3081 2526 3153 sed
2557 3081 2774 3175 primo
2807 3087 2869 3151 δι
2898 3075 3377 3163 universaliter,
3416 3086 3481 3152 ἃ
3510 3077 3608 3150 se—

793 3181 800 3190 ’
859 3181 1156 3253 eundum
1180 3183 1370 3276 quod
1395 3182 1609 3278 ipsum
1632 3185 1957 3279 competit
1981 3185 2159 3254 lineis
2185 3184 2572 3256 habentibus
2598 3183 2740 3252 illos
2764 3180 3033 3276 angulos
3055 3181 3327 3274 equales
3345 3180 3613 3251 <inobu-

858 3276 1078 3365 reffiS,
1111 3285 1732 3378 quomodocunque
1759 3286 2030 3380 aequales
2059 3283 2182 3356 fint
2206 3285 2469 3356 duobus
2497 3285 2716 3365 reffiS,
2738 3280 2876 3354 five
2904 3281 3103 3352 ambo
3132 3280 3255 3353 fint
3267 3283 3447 3366 resti,
3472 3280 3611 3352 five

861 3401 1032 3454 unus
1055 3403 1320 3469 acutuS,
1359 3386 1523 3456 alter
1545 3385 1852 3472 obtusuS,
1895 3384 2007 3462 sed
2034 3409 2251 3458 tamen
2287 3385 2479 3455 ambo
2505 3383 2693 3453 fimul
2727 3402 3070 3480 aequentur
3109 3384 3373 3454 duobus
3407 3383 3608 3464 rectis,

862 3483 1085 3577 quales
1112 3482 1261 3554 sunt
1287 3485 1465 3557 lineae
1504 3490 1728 3580 primae
1753 3486 1998 3583 figurae.
2097 3491 2173 3557 In
2210 3488 2409 3556 tertio
2450 3487 2658 3581 igitur
2697 3499 2958 3568 errore,
2998 3477 3359 3555 univerffile
3390 3483 3604 3556 existit

862 3586 1171 3678 quidem,
1214 3592 1274 3657 δε
1302 3586 1501 3659 habet
1528 3612 1805 3673 nomen,
1846 3587 1958 3660 sed
1986 3609 2202 3658 tamen
2242 3577 2817 3680 prae'termittetur,
2852 3581 2967 3655 seu
2995 3584 3266 3656 strictius
3294 3581 3602 3663 sumetur,

859 3705 1058 3779 quam
1099 3707 1395 3780 oportet.
1487 3707 2014 3774 maneamus·
2103 3689 2235 3760 Sed
2275 3689 2494 3760 nodus
2535 3691 2603 3760 in
2643 3686 2865 3781 scirpo
2904 3686 2996 3759 est
3036 3685 3367 3781 quaefitus,
3422 3703 3503 3757 ut
3535 3686 3603 3755 in

855 3788 1077 3860 multis
1099 3788 1259 3861 aliis.

883 3949 888 3960 ·
2130 3916 2179 4011 §
2273 3941 2364 4002 25.

1076 4007 1811 4151 Etfi'Triangulum
1855 4062 2031 4123 non
2073 4031 2259 4122 effet
2298 4031 2553 4135 aliud,
2598 4061 2839 4150 quam
2878 4024 3284 4129 IsosceIeS,
3330 4026 3601 4116 secun-

821 4251 840 4258 „
867 4140 1066 4246 dum
1101 4147 1330 4261 quod
1355 4147 1722 4240 isosceles*
1750 4151 2161 4238 videretur
2201 4153 2482 4267 utique
2529 4148 2787 4238 inesse.
2899 4143 3230 4232 Ibidem.

1061 4264 1238 4335 Istud
1268 4267 1360 4338 est
1387 4268 1746 4342 secundum
1771 4271 2153 4363 exemplum
2183 4272 2360 4340 tertii
2388 4271 2646 4339 erroris.
2739 4273 2949 4340 Porro
2972 4277 3126 4333 cum
3158 4284 3289 4333 tres
3310 4262 3436 4334 sint
3459 4258 3601 4354 spe-

861 4364 996 4434 cies
1032 4366 1542 4462 triangulum,
1589 4374 2074 4467 aequilaterum,
2132 4369 2463 4453 Isosceles,
2519 4370 2888 4451 Scaienum,
2930 4366 2976 4436 fi
3007 4365 3369 4448 accideret,
3406 4383 3483 4434 ut
3511 4379 3594 4430 ex

862 4464 983 4535 illis
1011 4467 1218 4538 tribus
1246 4475 1373 4541 una
1403 4493 1659 4544 tantum
1691 4473 1942 4568 species
1972 4498 2035 4546 v,
2064 4495 2123 4567 g.
2224 4468 2525 4542 isosceles
2554 4470 2905 4539 inmundo
2932 4468 3367 4559 reperiretur-3
3406 4483 3593 4535 tunc-

861 4588 1012 4658 que
1021 4570 1349 4666 quispiam
1373 4572 1748 4663 delfoseele
1772 4573 2148 4647 ostenderet
2175 4570 2591 4648 affefflonem
2615 4573 3017 4666 quampiam,
3047 4587 3279 4665 putans
3307 4564 3596 4734 keffl-

878 4725 886 4734 ·
989 4729 1000 4742 ,
1117 4711 1124 4719 ·
1600 4705 1656 4734 ‘v-
1817 4721 1834 4732 .
3562 4680 3600 4730 e
